<?xml version="1.0" encoding="UTF-8"?><collection xmlns="http://www.loc.gov/MARC21/slim"><record><leader>00503nam--2200181-i-4500</leader><controlfield tag="001">000037805</controlfield><controlfield tag="002">20161230</controlfield><controlfield tag="005">20161230201041</controlfield><controlfield tag="008">060222s1000------------r-----000-0-eng-d</controlfield><datafield ind1=" " ind2=" " tag="040"><subfield code="a">IFIN-HH</subfield></datafield><datafield ind1=" " ind2=" " tag="080"><subfield code="a">534.8:539.2</subfield></datafield><datafield ind1="1" ind2=" " tag="100"><subfield code="a">Tucker, J.W</subfield></datafield><datafield ind1="1" ind2="0" tag="245"><subfield code="a">Microwave ultrasonics in solid state physics</subfield><subfield code="c">J.w. tucker, v.w. rampton</subfield></datafield><datafield ind1=" " ind2=" " tag="260"><subfield code="a">Amsterdam, North-holland Publishing Company, 1972,</subfield></datafield><datafield ind1=" " ind2=" " tag="300"><subfield code="a">X + 418P</subfield></datafield><datafield ind1="1" ind2=" " tag="700"><subfield code="a">Rampton, V.W</subfield></datafield><datafield ind1=" " ind2=" " tag="852"><subfield code="a">39861</subfield><subfield code="c">534</subfield></datafield><datafield ind1=" " ind2=" " tag="CAT"><subfield code="a">Sys</subfield><subfield code="c">20101008</subfield><subfield code="h">091115</subfield></datafield></record></collection>